@book{Alexandrescu:2010:DPL,
 author = {Alexandrescu, Andrei},
 title = {The D Programming Language},
 year = {2010},
 isbn = {0321635361, 9780321635365},
 edition = {1st},
 publisher = {Addison-Wesley Professional},
} 

@book{schadek:2016:tlss,
 author = {Schadek, Robert},
 title = {The Latex Sweetspot},
 year = {2016}
} 
